@article{Reina:2024:PLATA,
    title = {PLATA: Design of an Online Platform for Chemistry Undergraduate
             Fully Automated Assignments},
    author = {Reina, Miguel and Guzm{\'a}n-L{\'o}pez, Eduardo Gabriel and
              \textbf{Guzm{\'a}n-L{\'o}pez, C{\'e}sar} and Hern{\'a}
              ndez-Garciadiego, Carlos and Olvera-Le{\'o}n, Mar{\'i}a de los {\'A
              }ngeles and Garcia-Carrillo},
    journal = {Journal of Chemical Education},
    volume = {101},
    number = {3},
    pages = {1024--1035},
    year = {2024},
    doi = {10.1021/acs.jchemed.3c00962},
    publisher = {American Chemical Society},
    issn = {0021-9584},
    url = {https://doi.org/10.1021/acs.jchemed.3c00962},
    date = {2024-03-12},
}
